% This file was created with JabRef 2.10.
% Encoding: UTF8


@Book{Schill2012,
  title                    = {Verteilte Systeme: Grundlagen und Basistechnologien},
  author                   = {Schill, Alexander and Springer, Thomas},
  year                     = {2012},
  edition                  = {2. Aufl.},
  location                 = {Berlin [u.a.]},
  pagetotal                = {433},
  publisher                = {Springer Vieweg},

  timestamp                = {2016-02-09}
}

@Book{Tanenbaum2008,
  title                    = {Verteilte Systeme: Prinzipien und Paradigmen},
  author                   = {Tanenbaum, Andrew S. and Steen, Maarten van},
  year                     = {2008},
  edition                  = {2., aktualisierte Aufl.},
  location                 = {München [u.a.]},
  pagetotal                = {761},
  publisher                = {Pearson Studium},

  timestamp                = {2016-02-09}
}

@Mvproceedings{Dowling2013,
  title                    = {Distributed Applications and Interoperable Systems},
  editor                   = {Dowling, Jim and Taïani, François},
  year                     = {2013},
  eventdate                = {2013-06-03/2013-06-05},
  eventtitle               = {8th International Federated Conference on Distributed Computing Techniques, DisCoTec},
  publisher                = {Springer},
  venue                    = {Florenz, Italien},

  timestamp                = {2016-02-09}
}

@comment{jabref-entrytype: Mvproceedings: req[date;editor;title;year] opt[addendum;chapter;doi;eprint;eprintclass;eprinttype;eventdate;eventtitle;isbn;language;location;mainsubtitle;maintitle;maintitleaddon;month;note;number;organization;pages;pagetotal;publisher;pubstate;series;subtitle;titleaddon;url;urldate;venue;volumes]}

